<?xml version="1.0" encoding="UTF-8"?><collection xmlns="http://www.loc.gov/MARC21/slim"><record><leader>00458nam--2200181-u-4500</leader><controlfield tag="001">000053001</controlfield><controlfield tag="002">20161230</controlfield><controlfield tag="005">20161230201050</controlfield><controlfield tag="008">101221s1000------------r-----000-0-rus-d</controlfield><datafield ind1=" " ind2=" " tag="040"><subfield code="a">IFIN-HH</subfield></datafield><datafield ind1=" " ind2=" " tag="041"><subfield code="a">rus</subfield></datafield><datafield ind1=" " ind2=" " tag="080"><subfield code="a">535.331</subfield></datafield><datafield ind1="1" ind2=" " tag="100"><subfield code="a">Eremenko, V.V</subfield></datafield><datafield ind1="1" ind2="0" tag="245"><subfield code="a">Vvedenie v opticeskuyu spektroskopiyu magnetikov</subfield><subfield code="c">V.v. eremenko</subfield></datafield><datafield ind1=" " ind2=" " tag="260"><subfield code="a">Kiev</subfield><subfield code="b">Naukova Dumka</subfield><subfield code="c">1975</subfield></datafield><datafield ind1=" " ind2=" " tag="300"><subfield code="a">471P</subfield></datafield><datafield ind1=" " ind2=" " tag="852"><subfield code="a">76849</subfield><subfield code="c">535.33</subfield></datafield><datafield ind1=" " ind2=" " tag="CAT"><subfield code="a">Sys</subfield><subfield code="c">20101221</subfield><subfield code="h">114226</subfield></datafield></record></collection>